@article{test,
  author       = {Autore},
  year         = {2020},
  month        = {09},
  pages        = {1-2},
  title        = {Titolo},
  volume       = {1},
  journal      = {journal},
  howpublished = {\url{https://www.google.com/}}
}